@misc{vm-ava,
 author  ={Vin√≠cius Fernandes Soares Mota},
 title   ={Notas de disciplina},
 url     ={https://ava.ufes.br/course/view.php?id=2447},
 urlaccessdate={9 jul. 2019},
 year ={2019}
}
